@article{mccall,
title = {Economics of Information and Job Search},
author = {McCall, J. J.},
year = {1970},
journal = {The Quarterly Journal of Economics},
volume = {84},
doi = {10.2307/1879403},
number = {1},
pages = {113-126},
abstract = {I. Introduction, 113. — II. A simple model of job search, 115. — III. A more general model of job search, 123. — IV. An adaptive search model, 125.},
url = {https://EconPapers.repec.org/RePEc:oup:qjecon:v:84:y:1970:i:1:p:113-126.}
}

@misc{fastquad,
    title={Fast computation of Gauss quadrature nodes and weights on the whole real line},
    author={Alex Townsend and Thomas Trogdon and Sheehan Olver},
    year={2014},
    eprint={1410.5286},
    archivePrefix={arXiv},
    primaryClass={math.NA},
    doi = {10.1093/imanum/drv002}
}

@misc{distributions,
  author       = {Dahua Lin and
                  John Myles White and
                  Simon Byrne and
                  Douglas Bates and
                  Andreas Noack and
                  John Pearson and
                  Alex Arslan and
                  Kevin Squire and
                  David Anthoff and
                  Theodore Papamarkou and
                  Mathieu Besançon and
                  Jan Drugowitsch and
                  Moritz Schauer and
                  other contributors},
  title        = {{JuliaStats/Distributions.jl: a Julia package for probability distributions and associated functions}},
  month        = july,
  year         = 2019,
  doi          = {10.5281/zenodo.2647458},
  url          = {https://doi.org/10.5281/zenodo.2647458}
}
